

@book{griffiths_2024,
    author = "Griffiths, David J.",
    title = "Introduction to Electrodynamics",
    publisher = "Cambridge University Press",
    year = 2024,
    edition = 5
}

@article{DORMAND198019,
title = {A family of embedded Runge-Kutta formulae},
journal = {Journal of Computational and Applied Mathematics},
volume = {6},
number = {1},
pages = {19-26},
year = {1980},
issn = {0377-0427},
doi = {https://doi.org/10.1016/0771-050X(80)90013-3},
url = {https://www.sciencedirect.com/science/article/pii/0771050X80900133},
author = {J.R. Dormand and P.J. Prince},
abstract = {A family of embedded Runge-Kutta formulae RK5 (4) are derived. From these are presented formulae which have (a) ‘small’ principal truncation terms in the fifth order and (b) extended regions of absolute stability.}
}

@article{soni_2021,
title = "Simulation study of motion of charged particles trapped in Earth’s magnetosphere",
journal = "Advances in Space Research",
volume = "67",
number = "2",
pages = "749-761",
year = "2021",
issn = "0273-1177",
doi = "https://doi.org/10.1016/j.asr.2020.10.020",
url = {https://www.sciencedirect.com/science/article/pii/S0273117720307481},
author = "Pankaj K. Soni and Bharati Kakad and Amar Kakad"
}

@misc{scipy_ivp,
    author = "SciPy",
    title = "scipy.integrate.solve{\_}ivp - SciPy v1.12.0 Manual",
    note = "Retrieved 15.03.2024 from \url{https://docs.scipy.org/doc/scipy/reference/generated/scipy.integrate.solve_ivp.html}",
    year = 2024
}

@book{chen_2015,
  author         = {Chen, Francis F.},
  publisher      = {Springer Cham},
  title          = {Introduction to Plasma Physics and Controlled Fusion},
  year           = {2015}
}

@article{hones_1963,
author = {Hones Jr., Edward W.},
title = {Motions of charged particles trapped in the Earth's magnetosphere},
journal = {Journal of Geophysical Research (1896-1977)},
volume = {68},
number = {5},
pages = {1209-1219},
doi = {https://doi.org/10.1029/JZ068i005p01209},
url = {https://agupubs.onlinelibrary.wiley.com/doi/abs/10.1029/JZ068i005p01209},
year = {1963}
}

@misc{supplementary,
  author       = {Eikeland, Kasper},
  title        = {Supplementary material},
  year         = {2024},
  url          = {https://github.com/kreikeland/tfy-4220-project}
}

@article{barker_1980,
       author = {{Barker}, F.~S. and {Barraclough}, D.~R.},
        title = "{World magnetic chart model for 1980}",
      journal = {EOS Transactions},
     keywords = {Geomagnetism and Paleomagnetism: General or miscellaneous},
         year = 1980,
       volume = {61},
       number = {19},
        pages = {452-453},
          doi = {10.1029/EO061i019p00452-04},
       adsurl = {https://ui.adsabs.harvard.edu/abs/1980EOSTr..61S.452B},
      adsnote = {Provided by the SAO/NASA Astrophysics Data System}
}